@techreport {DroneARFPVReport,
   author = {Sueda, K. and Kitada, T. and Suzuki, Y. and Wada, T.},
   title = {Research and development of augmented FPV drone racing system},
   url ={https://dl.acm.org/doi/10.1145/3283289.3283322},
   year = {2018}
}

@techreport {LatencyDroneBLOS,
   author = {Kagawa, T. And Ono, F. And Shan, L. And Takizawa, K. And Miura, R. And Li, H. And Kojima, F. And Kato, S.},
   title = {A study on latency-guaranteed multi-hop wireless communication system for control of robots and drones},
   url ={https://ieeexplore.ieee.org/abstract/document/8301849},
   year = {2017}
}

@misc {DronePrixAR,
    title = {Edgybees Launches Drone Prix Augmented Reality Game for DJI Pilots},
    author = {Murison, M.},
    url = {https://dronelife.com/2017/05/02/edgybees-augmented-dji-drone-prix/},
    year = {2017}
}

@misc {JoyGithub,
    title = {Joy},
    author = {Grieco, Giovanni},
    url = {https://github.com/GiovanniGrieco/Joy},
    year = {2021}
}

@misc {TelloControllerGithub,
    title = {UnityControllerForTello},
    author = {James, Carter},
    url = {https://github.com/carter-james89/UnityControllerForTello},
    year = {2021}
}

@misc {TelloLibGithub,
    title = {Tello Lib},
    author = {Kragrathea},
    url = {https://github.com/Kragrathea/TelloLib},
    year = {2018}
}

@misc {NMSOutlaws,
    title = {No Man's Sky: Outlaws update overhauls space combat with pirates and AI squadrons},
    author = {Hirun Cryer},
    url = {https://www.gamesradar.com/no-mans-sky-outlaws-announcement/},
    year = {2022}
}


@techreport {CameraPrivacy,
   author = {Rodrigues, M. And Kormann, M. And Al-Dulaimi, M.},
   title = {Data protection and privacy issues concerning facial image processing in public spaces},
   url ={https://shura.shu.ac.uk/11080/1/root.pdf},
   year = {2016}
}

@misc {DronesFAA,
    title = {Recreational Flyers And Modeler Community-Based Organizations},
    url = {https://www.faa.gov/uas/recreational_fliers/},
    year = {2022}
}

@misc {GamingEWaste,
    title = {Next-Gen Gaming Is an Environmental Nightmare},
    author = {D'Anasatasio, C.},
    url = {https://www.wired.com/story/xbox-playstation-cloud-gaming-environment-nightmare/},
    year = {2020}
}
